
@unpublished{horlin-syllabus:2023,
  author = {Horlin, Francois},
  year = {2023},
  title = {ELEC-H311 - Signaux et systèmes de télécommunications},
  howpublished = {\url{https://uv.ulb.ac.be/course/view.php?id=116698}}
}

