
@unpublished{horlin-syllabus:2023,
  author = {Horlin, Francois},
  year = {2023},
  title = {ELEC-H311 - Signaux et systèmes de télécommunications},
  howpublished = {\url{https://uv.ulb.ac.be/course/view.php?id=116698}}
}

@inproceedings{pinhasi-propag:2008,
author = {Pinhasi, Yosef and Yahalom, Asher and Petnev, Sergey},
year = {2008},
month = {06},
pages = {1 - 10},
title = {Propagation of ultra wide-band signals in lossy dispersive media},
isbn = {978-1-4244-2097-1},
journal = {2008 IEEE International Conference on Microwaves, Communications, Antennas and Electronic Systems, COMCAS 2008},
doi = {10.1109/COMCAS.2008.4562803}
}
